<record><leader>00000cas a22000007a 4500</leader><controlfield tag="001">10200480</controlfield><controlfield tag="008">831208d19771983ksuwr ne      0   a0eng d</controlfield><datafield ind1=" " ind2=" " tag="010"><subfield code="a">sn 83040956 </subfield></datafield><datafield ind1=" " ind2=" " tag="040"><subfield code="a">KSH</subfield><subfield code="b">eng</subfield><subfield code="c">KSH</subfield><subfield code="d">NPT</subfield><subfield code="d">OCLCQ</subfield></datafield><datafield ind1=" " ind2=" " tag="042"><subfield code="a">msc</subfield></datafield><datafield ind1=" " ind2=" " tag="043"><subfield code="a">n-us-ks</subfield></datafield><datafield ind1="0" ind2="4" tag="245"><subfield code="a">The Jamestown settler.</subfield></datafield><datafield ind1=" " ind2=" " tag="260"><subfield code="a">Jamestown, Kan. :</subfield><subfield code="b">G. Daniel &amp; Mary Harden,</subfield><subfield code="c">-1983.</subfield></datafield><datafield ind1=" " ind2=" " tag="300"><subfield code="a">v. :</subfield><subfield code="b">ill. ;</subfield><subfield code="c">41 cm.</subfield></datafield><datafield ind1=" " ind2=" " tag="310"><subfield code="a">Weekly</subfield></datafield><datafield ind1="0" ind2=" " tag="362"><subfield code="a">-v. 3, no. 20 (Jan. 20, 1983).</subfield></datafield><datafield ind1="1" ind2=" " tag="362"><subfield code="a">Began in 1977?</subfield></datafield><datafield ind1=" " ind2=" " tag="525"><subfield code="a">Supplements accompany some issues.</subfield></datafield><datafield ind1=" " ind2=" " tag="588"><subfield code="a">Description based on: Vol. 2, no. 48 (May 3, 1979).</subfield></datafield><datafield ind1=" " ind2=" " tag="752"><subfield code="a">United States</subfield><subfield code="b">Kansas</subfield><subfield code="c">Cloud</subfield><subfield code="d">Jamestown.</subfield></datafield><datafield ind1="0" ind2="4" tag="785"><subfield code="t">Clyde republican (Clyde, Kan. : 1929)</subfield><subfield code="w">(DLC)sn 83040981</subfield></datafield></record>